@article{vaci2017chess,
  title={Chess databases as a research vehicle in psychology: Modeling large data},
  author={Vaci, Nemanja and Bilali{\'c}, Merim},
  journal={Behavior research methods},
  volume={49},
  number={4},
  pages={1227--1240},
  year={2017},
  publisher={Springer}
}

@inproceedings{vevcek2014comparison,
  title={A comparison between different chess rating systems for ranking evolutionary algorithms},
  author={Ve{\v{c}}ek, Niki and {\v{C}}repin{\v{s}}ek, Matej and Mernik, Marjan and Hrn{\v{c}}i{\v{c}}, Dejan},
  booktitle={Computer Science and Information Systems (FedCSIS), 2014 Federated Conference on},
  pages={511--518},
  year={2014},
  organization={IEEE}
}

@article{glickman1995glicko,
  title={The glicko system},
  author={Glickman, Mark E},
  journal={Boston University},
  year={1995}
}

@article{vaci2014restricting,
  title={Restricting range restricts conclusions},
  author={Vaci, Nemanja and Gula, Bartosz and Bilali{\'c}, Merim},
  journal={Frontiers in psychology},
  volume={5},
  year={2014},
  publisher={Frontiers Media SA}
}

@article{blasius2009zipf,
  title={Zipfâ€™s law in the popularity distribution of chess openings},
  author={Blasius, Bernd and T{\"o}njes, Ralf},
  journal={Physical review letters},
  volume={103},
  number={21},
  pages={218701},
  year={2009},
  publisher={APS}
}

@inproceedings{di2009skill,
  title={Skill rating by Bayesian inference},
  author={Di Fatta, Giuseppe and Haworth, Guy McC and Regan, Kenneth W},
  booktitle={Computational Intelligence and Data Mining, 2009. CIDM'09. IEEE Symposium on},
  pages={89--94},
  year={2009},
  organization={IEEE}
}